@INPROCEEDINGS{Hogan06reconrank:a,
    author = {Aidan Hogan and Andreas Harth and Stefan Decker},
    title = {ReConRank: A Scalable Ranking Method for Semantic Web Data with Context},
    booktitle = {In 2nd Workshop on Scalable Semantic Web Knowledge Base Systems},
    year = {2006}
}

@inproceedings{Jeh:2002:SMS:775047.775126,
	author = {Jeh, Glen and Widom, Jennifer},
	title = {SimRank: A Measure of Structural-context Similarity},
	booktitle = {Proceedings of the Eighth ACM SIGKDD International Conference on Knowledge Discovery and Data Mining},
	series = {KDD '02},
	year = {2002},
	isbn = {1-58113-567-X},
	location = {Edmonton, Alberta, Canada},
	pages = {538--543},
	numpages = {6},
	url = {http://doi.acm.org/10.1145/775047.775126},
	doi = {10.1145/775047.775126},
	acmid = {775126},
	publisher = {ACM},
	address = {New York, NY, USA},
}

@inproceedings{Franz:2009:TRS:1693684.1693699,
	author = {Franz, Thomas and Schultz, Antje and Sizov, Sergej and Staab, Steffen},
	title = {TripleRank: Ranking Semantic Web Data by Tensor Decomposition},
	booktitle = {Proceedings of the 8th International Semantic Web Conference},
	series = {ISWC '09},
	year = {2009},
	isbn = {978-3-642-04929-3},
	location = {Chantilly, VA},
	pages = {213--228},
	numpages = {16},
	url = {http://dx.doi.org/10.1007/978-3-642-04930-9_14},
	doi = {10.1007/978-3-642-04930-9_14},
	acmid = {1693699},
	publisher = {Springer-Verlag},
	address = {Berlin, Heidelberg},
}

@ARTICLE{Peng05featureselection,
	author = {Hanchuan Peng and Fuhui Long and Chris Ding},
	title = {Feature selection based on mutual information: criteria of max-dependency, max-relevance, and min-redundancy},
	journal = {IEEE Transactions on Pattern Analysis and Machine Intelligence},
	year = {2005},
	volume = {27},
	pages = {1226--1238}
}

@misc{SRutigliano2014,
	author = {Rutigliano, Simone},
	title = {mRMR Slides},
	year = {2014},
	publisher = {GitHub},
	journal = {GitHub repository},
	howpublished = {\url{https://github.com/Simoruty/mRMR-slides}}
}

@inproceedings{MeymandpourD13,
	added-at = {2013-07-23T00:00:00.000+0200},
	author = {Meymandpour, Rouzbeh and Davis, Joseph G.},
	biburl = {http://www.bibsonomy.org/bibtex/27e12e3ec7337b8a98431866d44216c10/dblp},
	booktitle = {LDOW},
	editor = {Bizer, Christian and Heath, Tom and Berners-Lee, Tim and Hausenblas, Michael and Auer, SÃ¶ren},
	ee = {http://ceur-ws.org/Vol-996/papers/ldow2013-paper-09.pdf},
	interhash = {3a569faa355179f47ad1650d958ec738},
	intrahash = {7e12e3ec7337b8a98431866d44216c10},
	keywords = {dblp},
	publisher = {CEUR-WS.org},
	series = {CEUR Workshop Proceedings},
	timestamp = {2013-07-23T00:00:00.000+0200},
	title = {Ranking Universities Using Linked Open Data.},
	url = {http://dblp.uni-trier.de/db/conf/www/ldow2013.html#MeymandpourD13},
	volume = 996,
	year = 2013
}

@inproceedings{Meymandpour_ESWC_2014,
	Address = {Crete, Greece},
	author = {Meymandpour, Rouzbeh and Davis, Joseph G.},
	Booktitle = {11th Extended Semantic Web Conference (ESWC 2014)},
	Title = {LODify: A Hybrid Recommender System based on Linked Open Data},
	url={http://2014.eswc-conferences.org/sites/default/files/eswc2014-challenges_rs_submission_18.pdf},
	Year = {2014}
}

@inproceedings{jeong2013feature,
	title={Feature Selection Using a Semantic Hierarchy for Event Recognition and Type Classification},
	author={Jeong, Yoonjae and Myaeng, Sung-Hyon},
	booktitle={Proceedings of the 6th International Joint Conference on Natural Language Processing},
	pages={136--144},
	year={2013},
	organization={Asian Federation of Natural Language Processing}
}

@inproceedings{ristoski2014feature,
	title={Feature selection in hierarchical feature spaces},
	author={Ristoski, Petar and Paulheim, Heiko},
	booktitle={Discovery Science},
	pages={288--300},
	year={2014},
	organization={Springer}
}
